@online{NdYAGCrystals,
  title = {Nd:{{YAG Crystals}} for Solid-State Lasers â€“ {{Eksma Optics}}},
  url = {https://eksmaoptics.com/nonlinear-and-laser-crystals/laser-crystals/nd-yag-crystals/},
  urldate = {2025-01-19},
  file = {C:\Users\Arnas\Zotero\storage\VADFRHEA\nd-yag-crystals.html}
}